@article{Wright_1985,
  doi = {10.1049/el:19850158},
  url = {http://dx.doi.org/10.1049/el:19850158},
  year = {1985},
  publisher = {Institution of Engineering and Technology ({IET})},
  volume = {21},
  number = {6},
  pages = {223},
  author = {G.T. Wright},
  title = {{Threshold modelling of {MOSFETs} for {CAD} of {CMOS}-{VLSI}}},
  journal = {Electronics Letters},
}


@article{Khakifirooz_2009,
  doi = {10.1109/ted.2009.2024022},
  url = {http://dx.doi.org/10.1109/ted.2009.2024022},
  year = {2009},
  month = {aug},
  publisher = {Institute of Electrical and Electronics Engineers ({IEEE})},
  volume = {56},
  number = {8},
  pages = {1674--1680},
  author = {Ali Khakifirooz and Osama M. Nayfeh and Dimitri Antoniadis},
  title = {{A Simple Semiempirical Short-Channel {MOSFET} Current-Voltage Model Continuous Across All Regions of Operation and Employing Only Physical Parameters}},
  journal = {{IEEE} Transactions on Electron Devices},
}


@MastersThesis{RadhakrishnaThesis,
  author = {Ujwal Radhakrishna},
  title = {{A compact transport and charge model for GaN-based high electron mobility transistors for RF applications}},
  school = {Massachusetts Institute of Technology},
  address = {77 Massachusetts Avenue, Cambridge, MA 02139},
  year = {2013},
}


@article{Han_Wang_2011,
  doi = {10.1109/ted.2011.2118759},
  url = {http://dx.doi.org/10.1109/ted.2011.2118759},
  year = {2011},
  month = {may},
  publisher = {Institute of Electrical and Electronics Engineers ({IEEE})},
  volume = {58},
  number = {5},
  pages = {1523--1533},
  author = {Han Wang and A Hsu and  Jing Kong and D A Antoniadis and T Palacios},
  title = {{Compact Virtual-Source Current-Voltage Model for Top- and Back-Gated Graphene Field-Effect Transistors}},
  journal = {{IEEE} Transactions on Electron Devices},
}


@article{Verma_2017,
  author = {Amit Verma},
  title = {{AlGaN/GaN HyperFETs on Silicon with ALD VO2 for sub-Boltzmann switching and RF Applications}},
  journal = {In preparation},
  year = {2017},
}


@article{Kumar_2013,
  doi = {10.1002/adma.201302046},
  url = {http://dx.doi.org/10.1002/adma.201302046},
  year = {2013},
  month = {jul},
  publisher = {Wiley-Blackwell},
  volume = {25},
  number = {42},
  pages = {6128--6132},
  author = {Suhas Kumar and Matthew D. Pickett and John Paul Strachan and Gary Gibson and Yoshio Nishi and R. Stanley Williams},
  title = {{Local Temperature Redistribution and Structural Transition During Joule-Heating-Driven Conductance Switching in {VO} 2}},
  journal = {Advanced Materials},
}


@article{Pergament_2013,
  doi = {10.15393/j8.art.2013.3002},
  url = {http://dx.doi.org/10.15393/j8.art.2013.3002},
  year = {2013},
  month = {dec},
  publisher = {Petrozavodsk State University},
  volume = {1},
  number = {1},
  pages = {24--43},
  author = {Alexander Pergament and Genrikh Stefanovich and Andrey Velichko},
  title = {{Oxide Electronics and Vanadium Dioxide Perspective: A Review}},
  journal = {Journal on Selected Topics in Nano Electronics and Computing},
}


@article{Shukla_2015,
  doi = {10.1038/ncomms8812},
  url = {http://dx.doi.org/10.1038/ncomms8812},
  year = {2015},
  month = {aug},
  publisher = {Springer Nature},
  volume = {6},
  pages = {7812},
  author = {Nikhil Shukla and Arun V. Thathachary and Ashish Agrawal and Hanjong Paik and Ahmedullah Aziz and Darrell G. Schlom and Sumeet Kumar Gupta and Roman Engel-Herbert and Suman Datta},
  title = {{A steep-slope transistor based on abrupt electronic phase transition}},
  journal = {Nature Communications},
}


@article{Zimmers_2013,
  doi = {10.1103/physrevlett.110.056601},
  url = {http://dx.doi.org/10.1103/physrevlett.110.056601},
  year = {2013},
  month = {jan},
  publisher = {American Physical Society ({APS})},
  volume = {110},
  number = {5},
  author = {A. Zimmers and L. Aigouy and M. Mortier and A. Sharoni and Siming Wang and K. G. West and J. G. Ramirez and Ivan K. Schuller},
  title = {{Role of Thermal Heating on the Voltage Induced Insulator-Metal Transition in   {VO} 2}},
  journal = {Physical Review Letters},
}


@misc{Pergament_arxiv2016,
  author = {Alexander Pergament and Aurelian Crunteanu and Arnaud Beaumont and Genrikh Stefanovich and Andrey Velichko},
  title = {{Vanadium Dioxide: Metal-Insulator Transition, Electrical Switching and Oscillations. A Review of State of the Art and Recent Progress}},
  year = {2016},
  eprint = {arXiv:1601.06246},
}


@article{Radu_2015,
  doi = {10.1088/0957-4484/26/16/165202},
  url = {http://dx.doi.org/10.1088/0957-4484/26/16/165202},
  year = {2015},
  month = {mar},
  publisher = {{IOP} Publishing},
  volume = {26},
  number = {16},
  pages = {165202},
  author = {Iuliana P Radu and B Govoreanu and S Mertens and X Shi and M Cantoro and M Schaekers and M Jurczak and S De Gendt and A Stesmans and J A Kittl and M Heyns and K Martens},
  title = {{Switching mechanism in two-terminal vanadium dioxide devices}},
  journal = {Nanotechnology},
}


@article{Yoon_2014,
  doi = {10.1063/1.4893783},
  url = {http://dx.doi.org/10.1063/1.4893783},
  year = {2014},
  month = {aug},
  publisher = {{AIP} Publishing},
  volume = {105},
  number = {8},
  pages = {083503},
  author = {Joonseok Yoon and Giyong Lee and Changwoo Park and Bongjin Simon Mun and Honglyoul Ju},
  title = {{Investigation of length-dependent characteristics of the voltage-induced metal insulator transition in {VO}2 film devices}},
  journal = {Applied Physics Letters},
}
